@misc{WikiFresnelIntegral,
    title = "Wikipedia: Fresnel integral",
	howpublished = "https://en.wikipedia.org/wiki/Fresnel\_integral",
    year = "Retrieved 06/03/2020" }

