@misc{wikiBesselFunction,
	title="Wikipedia on Bessel functions",
	howpublished="https://en.wikipedia.org/wiki/Bessel\_function"}

@misc{wikiGammaFunction,
	title="Wikipedia on the Gamma function",
	howpublished="https://en.wikipedia.org/wiki/Gamma\_function"}
